<record><leader>00000cas a22000007a 4500</leader><controlfield tag="001">12868210</controlfield><controlfield tag="008">851204d18941906wiucr ne      0    0eng d</controlfield><datafield ind1=" " ind2=" " tag="010"><subfield code="a">sn 85041460 </subfield></datafield><datafield ind1=" " ind2=" " tag="040"><subfield code="a">NPV</subfield><subfield code="b">eng</subfield><subfield code="c">NPV</subfield><subfield code="d">OCLCQ</subfield></datafield><datafield ind1=" " ind2=" " tag="042"><subfield code="a">msc</subfield></datafield><datafield ind1="0" ind2=" " tag="130"><subfield code="a">Weekly telegram (Eau Claire, Wis.)</subfield></datafield><datafield ind1="1" ind2="4" tag="245"><subfield code="a">The weekly telegram.</subfield></datafield><datafield ind1="1" ind2="3" tag="246"><subfield code="a">Telegram</subfield></datafield><datafield ind1="1" ind2="3" tag="246"><subfield code="a">Weekly free press</subfield></datafield><datafield ind1=" " ind2=" " tag="260"><subfield code="a">Eau Claire, Wis. :</subfield><subfield code="b">Telegram Pub.</subfield></datafield><datafield ind1=" " ind2=" " tag="300"><subfield code="a">v.</subfield></datafield><datafield ind1=" " ind2=" " tag="310"><subfield code="a">Semiweekly</subfield></datafield><datafield ind1=" " ind2=" " tag="321"><subfield code="a">Weekly,</subfield><subfield code="b">&lt;Vol. 3, no. 1 (Jan. 1, 1897)&gt;-v. 9, no. 41 (Nov. 12, 1903)</subfield></datafield><datafield ind1="1" ind2=" " tag="362"><subfield code="a">Began Dec. 16, 1894; ceased in 1906.</subfield><subfield code="z">Cf. Oehlerts, d. E. Guide to Wis. newspapers.</subfield></datafield><datafield ind1=" " ind2=" " tag="500"><subfield code="a">Title varies: Weekly telegram including Weekly free press.</subfield></datafield><datafield ind1=" " ind2=" " tag="500"><subfield code="a">Editor: W.P. Welch, Dec. 23, 1897-Sept. 25, 1902.</subfield></datafield><datafield ind1=" " ind2=" " tag="580"><subfield code="a">Issued also in a daily edition called: Morning telegram, 1894-1897; Daily telegram, 1897-1970.</subfield></datafield><datafield ind1=" " ind2=" " tag="588"><subfield code="a">Description based on: Vol. 3, no. 1 (Jan. 1, 1897).</subfield></datafield><datafield ind1=" " ind2=" " tag="752"><subfield code="a">United States</subfield><subfield code="b">Wisconsin</subfield><subfield code="c">Eau Claire</subfield><subfield code="d">Eau Claire.</subfield></datafield><datafield ind1="1" ind2=" " tag="775"><subfield code="t">Morning telegram (Eau Claire, Wis.)</subfield><subfield code="w">(DLC)sn 87082059</subfield></datafield><datafield ind1="1" ind2=" " tag="775"><subfield code="t">Daily telegram (Eau Claire, Wis.)</subfield><subfield code="w">(DLC)sn 87082060</subfield></datafield><datafield ind1="1" ind2=" " tag="029"><subfield code="a">AU@</subfield><subfield code="b">000025293139</subfield></datafield></record>